%% Huffman
@article{huffman1952method,
  title={A method for the construction of minimum-redundancy codes},
  author={Huffman, David A},
  journal={Proceedings of the IRE},
  volume={40},
  number={9},
  pages={1098--1101},
  year={1952},
  publisher={IEEE}
}

%% Webgraph
@inproceedings{boldi2004webgraph,
  title={The webgraph framework I: compression techniques},
  author={Boldi, Paolo and Vigna, Sebastiano},
  booktitle={Proceedings of the 13th international conference on World Wide Web},
  pages={595--602},
  year={2004},
  organization={ACM}
}

@inproceedings{boldi2004webgraph2,
  title={The webgraph framework ii: Codes for the world-wide web},
  author={Boldi, Paolo and Vigna, Sebastiano},
  booktitle={Data Compression Conference, 2004. Proceedings. DCC 2004},
  pages={528},
  year={2004},
  organization={IEEE}
}

@inproceedings{boldi2009permuting,
  title={Permuting web graphs},
  author={Boldi, Paolo and Santini, Massimo and Vigna, Sebastiano},
  booktitle={International Workshop on Algorithms and Models for the Web-Graph},
  pages={116--126},
  year={2009},
  organization={Springer}
}

@inproceedings{boldi2011layered,
  title={Layered label propagation: A multiresolution coordinate-free ordering for compressing social networks},
  author={Boldi, Paolo and Rosa, Marco and Santini, Massimo and Vigna, Sebastiano},
  booktitle={Proceedings of the 20th international conference on World wide web},
  pages={587--596},
  year={2011},
  organization={ACM}
}

%% BFS
@article{apostolico2009graph,
  title={Graph compression by BFS},
  author={Apostolico, Alberto and Drovandi, Guido},
  journal={Algorithms},
  volume={2},
  number={3},
  pages={1031--1044},
  year={2009},
  publisher={Molecular Diversity Preservation International}
}

%% Re-Pair
@article{larsson2000off,
  title={Off-line dictionary-based compression},
  author={Larsson, N Jesper and Moffat, Alistair},
  journal={Proceedings of the IEEE},
  volume={88},
  number={11},
  pages={1722--1732},
  year={2000},
  publisher={IEEE}
}

@article{claude2010fast,
  title={Fast and compact web graph representations},
  author={Claude, Francisco and Navarro, Gonzalo},
  journal={ACM Transactions on the Web (TWEB)},
  volume={4},
  number={4},
  pages={16},
  year={2010},
  publisher={ACM}
}

@inproceedings{maneth2016compressing,
  title={Compressing graphs by grammars},
  author={Maneth, Sebastian and Peternek, Fabian},
  booktitle={2016 IEEE 32nd International Conference on Data Engineering (ICDE)},
  pages={109--120},
  year={2016},
  organization={IEEE}
}

%% K2-Tree
@inproceedings{brisaboa2009k,
  title={k 2-trees for compact web graph representation},
  author={Brisaboa, Nieves R and Ladra, Susana and Navarro, Gonzalo},
  booktitle={International Symposium on String Processing and Information Retrieval},
  pages={18--30},
  year={2009},
  organization={Springer}
}

@article{brisaboa2014compact,
  title={Compact representation of web graphs with extended functionality},
  author={Brisaboa, Nieves R and Ladra, Susana and Navarro, Gonzalo},
  journal={Information Systems},
  volume={39},
  pages={152--174},
  year={2014},
  publisher={Elsevier}
}



%% SDSL
@article{claude2015wavelet,
  title={The wavelet matrix: An efficient wavelet tree for large alphabets},
  author={Claude, Francisco and Navarro, Gonzalo and Ord{\'o}nez, Alberto},
  journal={Information Systems},
  volume={47},
  pages={15--32},
  year={2015},
  publisher={Elsevier}
}

@inproceedings{grossi2003high,
  title={High-order entropy-compressed text indexes},
  author={Grossi, Roberto and Gupta, Ankur and Vitter, Jeffrey Scott},
  booktitle={Proceedings of the fourteenth annual ACM-SIAM symposium on Discrete algorithms},
  pages={841--850},
  year={2003},
  organization={Society for Industrial and Applied Mathematics}
}

@inproceedings{raman2002succinct,
  title={Succinct indexable dictionaries with applications to encoding k-ary trees and multisets},
  author={Raman, Rajeev and Raman, Venkatesh and Rao, S Srinivasa},
  booktitle={Proceedings of the thirteenth annual ACM-SIAM symposium on Discrete algorithms},
  pages={233--242},
  year={2002},
  organization={Society for Industrial and Applied Mathematics}
}

@article{DBLP:journals/corr/abs-cs-0610001,
  author    = {Daisuke Okanohara and
               Kunihiko Sadakane},
  title     = {Practical Entropy-Compressed Rank/Select Dictionary},
  journal   = {CoRR},
  volume    = {abs/cs/0610001},
  year      = {2006},
  url       = {http://arxiv.org/abs/cs/0610001},
  archivePrefix = {arXiv},
  eprint    = {cs/0610001},
  timestamp = {Mon, 13 Aug 2018 16:46:24 +0200},
  biburl    = {https://dblp.org/rec/bib/journals/corr/abs-cs-0610001},
  bibsource = {dblp computer science bibliography, https://dblp.org}
}

%----------------------- KEEP WORKING... --------------------------------------





@InProceedings{listingcliques,
	author="Eppstein, David and Strash, Darren",
	editor="Pardalos, Panos M. and Rebennack, Steffen",
	title="Listing All Maximal Cliques in Large Sparse Real-World Graphs",
	booktitle="Experimental Algorithms",
	year="2011",
	publisher="Springer Berlin Heidelberg",
	address="Berlin, Heidelberg",
	pages="364--375",
	abstract="We implement a new algorithm for listing all maximal cliques in sparse graphs due to Eppstein, L{\"o}ffler, and Strash (ISAAC 2010) and analyze its performance on a large corpus of real-world graphs. Our analysis shows that this algorithm is the first to offer a practical solution to listing all maximal cliques in large sparse graphs. All other theoretically-fast algorithms for sparse graphs have been shown to be significantly slower than the algorithm of Tomita et al. (Theoretical Computer Science, 2006) in practice. However, the algorithm of Tomita et al. uses an adjacency matrix, which requires too much space for large sparse graphs. Our new algorithm opens the door for fast analysis of large sparse graphs whose adjacency matrix will not fit into working memory.",
	isbn="978-3-642-20662-7"
}

@article{listingcliques2,
	author = {Eppstein, David and L\"{o}ffler, Maarten and Strash, Darren},
	title = {Listing All Maximal Cliques in Large Sparse Real-World Graphs},
	journal = {J. Exp. Algorithmics},
	issue_date = {2013},
	volume = {18},
	month = nov,
	year = {2013},
	issn = {1084-6654},
	pages = {3.1:3.1--3.1:3.21},
	articleno = {3.1},
	numpages = {1.11},
	url = {http://doi.acm.org/10.1145/2543629},
	doi = {10.1145/2543629},
	acmid = {2659459},
	publisher = {ACM},
	address = {New York, NY, USA},
} 



@Article{Hernandez2014,
    author="Hern{\'a}ndez, Cecilia and Navarro, Gonzalo",
    title="Compressed representations for web and social graphs",
    journal="Knowledge and Information Systems",
    year="2014",
    month="Aug",
    day="01",
    volume="40",
    number="2",
    pages="279--313",
    abstract="Compressed representations have become effective to store and access large Web and social graphs, in order to support various graph querying and mining tasks. The existing representations exploit various typical patterns in those networks and provide basic navigation support. In this paper, we obtain unprecedented results by finding ``dense subgraph'' patterns and combining them with techniques such as node orderings and compact data structures. On those representations, we support out-neighbor and out/in-neighbor queries, as well as mining queries based on the dense subgraphs. First, we propose a compression scheme for Web graphs that reduces edges by representing dense subgraphs with ``virtual nodes''; over this scheme, we apply node orderings and other compression techniques. With this approach, we match the best current compression ratios that support out-neighbor queries (i.e., nodes pointed from a given node), using 1.0--1.8 bits per edge (bpe) on large Web graphs, and retrieving each neighbor of a node in 0.6--1.0 microseconds ({\$}{\$}{\backslash}upmu {\$}{\$}s). When supporting both out- and in-neighbor queries, instead, our technique generally offers the best time when using little space. If the reduced graph, instead, is represented with a compact data structure that supports bidirectional navigation, we obtain the most compact Web graph representations (0.9--1.5 bpe) that support out/in-neighbor navigation; yet, the time per neighbor extracted raises to around 5--20 {\$}{\$}{\backslash}upmu {\$}{\$}s. We also propose a compact data structure that represents dense subgraphs without using virtual nodes. It allows us to recover out/in-neighbors and answer other more complex queries on the dense subgraphs identified. This structure is not competitive on Web graphs, but on social networks, it achieves 4--13 bpe and 8--12 {\$}{\$}{\backslash}upmu {\$}{\$} s per out/in-neighbor retrieved, which improves upon all existing representations.",
    issn="0219-3116",
    doi="10.1007/s10115-013-0648-4",
    url="https://doi.org/10.1007/s10115-013-0648-4"
}

@inproceedings{gbmp2014sea,
  title     = {From Theory to Practice: Plug and Play with Succinct Data Structures},
  author    = {Gog, Simon and Beller, Timo and Moffat, Alistair and Petri, Matthias},
  booktitle = {13th International Symposium on Experimental Algorithms, (SEA 2014)},
  year      = {2014},
  pages     = {326-337},
  ee        = {http://dx.doi.org/10.1007/978-3-319-07959-2_28}
}

@inproceedings{hernandez2012compressed,
  title={Compressed representation of web and social networks via dense subgraphs},
  author={Hern{\'a}ndez, Cecilia and Navarro, Gonzalo},
  booktitle={International Symposium on String Processing and Information Retrieval},
  pages={264--276},
  year={2012},
  organization={Springer}
}

@inproceedings{francisco2018exploiting,
  title={Exploiting Computation-Friendly Graph Compression Methods for Adjacency-Matrix Multiplication},
  author={Francisco, Alexandre and Gagie, Travis and Ladra, Susana and Navarro, Gonzalo},
  booktitle={2018 Data Compression Conference},
  pages={307--314},
  year={2018},
  organization={IEEE}
}

@techreport{page1999pagerank,
  title={The PageRank citation ranking: Bringing order to the web.},
  author={Page, Lawrence and Brin, Sergey and Motwani, Rajeev and Winograd, Terry},
  year={1999},
  institution={Stanford InfoLab}
}

@article{FISCHER201639,
title = "GLOUDS: Representing tree-like graphs",
journal = "Journal of Discrete Algorithms",
volume = "36",
pages = "39 - 49",
year = "2016",
note = "WALCOM 2015",
issn = "1570-8667",
doi = "https://doi.org/10.1016/j.jda.2015.10.004",
url = "http://www.sciencedirect.com/science/article/pii/S1570866715001057",
author = "Johannes Fischer and Daniel Peters",
keywords = "Succinct data structures",
abstract = "The Graph Level Order Unary Degree Sequence (GLOUDS) is a new succinct data structure for directed graphs that are “tree-like,” in the sense that the number of “additional” edges (w.r.t. a spanning tree) is not too high. The algorithmic idea is to represent a BFS-spanning tree of the graph (consisting of n nodes) with a well known succinct data structure for trees, named LOUDS, and enhance it with additional information that accounts for the non-tree edges. In practical tests, our data structure performs well for graphs containing up to m=5n edges, while still having competitive running times for listing adjacent nodes."
}

@booklet{tesisCecilia,
	author = {Cecilia Hernández Rivas},
	title = {Managing massive graphs},
	address = {Universidad de Chile},
	note = {Tesis de doctorado},
	year = {2014}
}


@inproceedings{BuehrerChellapilla,
 author = {Buehrer, Gregory and Chellapilla, Kumar},
 title = {A Scalable Pattern Mining Approach to Web Graph Compression with Communities},
 booktitle = {Proceedings of the 2008 International Conference on Web Search and Data Mining},
 series = {WSDM '08},
 year = {2008},
 isbn = {978-1-59593-927-2},
 location = {Palo Alto, California, USA},
 pages = {95--106},
 numpages = {12},
 url = {http://doi.acm.org/10.1145/1341531.1341547},
 doi = {10.1145/1341531.1341547},
 acmid = {1341547},
 publisher = {ACM},
 address = {New York, NY, USA},
 keywords = {link analysis, log-linear mining, webgraph compression},
}



@incollection{bomze1999maximum,
  title={The maximum clique problem},
  author={Bomze, Immanuel M and Budinich, Marco and Pardalos, Panos M and Pelillo, Marcello},
  booktitle={Handbook of combinatorial optimization},
  pages={1--74},
  year={1999},
  publisher={Springer}
}

@inproceedings{eblen2012maximum,
  title={The maximum clique enumeration problem: algorithms, applications, and implementations},
  author={Eblen, John D and Phillips, Charles A and Rogers, Gary L and Langston, Michael A},
  booktitle={BMC bioinformatics},
  volume={13},
  number={10},
  pages={S5},
  year={2012},
  organization={BioMed Central}
}

@article{hendrix2010theoretical,
  title={Theoretical underpinnings for maximal clique enumeration on perturbed graphs},
  author={Hendrix, William and Schmidt, Matthew C and Breimyer, Paul and Samatova, Nagiza F},
  journal={Theoretical Computer Science},
  volume={411},
  number={26-28},
  pages={2520--2536},
  year={2010},
  publisher={Elsevier}
}

@article{li2019optimal,
  title={Optimal Representation for Web and Social Network Graphs Based on $K^{2}$-Tree},
  author={Li, Fengying and Zhang, Qi and Gu, Tianlong and Dong, Rongsheng},
  journal={IEEE Access},
  volume={7},
  pages={52945--52954},
  year={2019},
  publisher={IEEE}
}


%------------ NOT USING
%@booklet{mella,
%	author = {Carlos Felipe Mella},
%	title = {Descubrimiento eficiente de subgrafos densos en superposición y su aplicación para la compresión de grafos},
%	address = {Universidad de Concepción},
%	note = {Memoria de Título},
%	year = {2016}
%}
%
% Hu-Tucker
%@inproceedings{brisaboa2011compressed,
%  title={Compressed string dictionaries},
%  author={Brisaboa, Nieves R and C{\'a}novas, Rodrigo and Claude, Francisco and Mart{\'\i}nez-Prieto, Miguel A and Navarro, Gonzalo},
%  booktitle={International Symposium on Experimental Algorithms},
%  pages={136--147},
%  year={2011},
%  organization={Springer}
%}
%% Huffman
%@inproceedings{makinen2005succinct,
%  title={Succinct suffix arrays based on run-length encoding},
%  author={M{\"a}kinen, Veli and Navarro, Gonzalo},
%  booktitle={Annual Symposium on Combinatorial Pattern Matching},
%  pages={45--56},
%  year={2005},
%  organization={Springer}
%}
%
%% Minwise hassing
%@article{BagMinHash,
%  author    = {Otmar Ertl},
%  title     = {BagMinHash - Minwise Hashing Algorithm for Weighted Sets},
%  journal   = {CoRR},
%  volume    = {abs/1802.03914},
%  year      = {2018},
%  url       = {http://arxiv.org/abs/1802.03914},
%  archivePrefix = {arXiv},
%  eprint    = {1802.03914},
%  timestamp = {Thu, 01 Mar 2018 15:00:45 +0100},
%  biburl    = {https://dblp.org/rec/bib/journals/corr/abs-1802-03914},
%  bibsource = {dblp computer science bibliography, https://dblp.org}
%}
